%%%%%%%%%%%%%%%%%%%%%% Echo Hiding References %%%%%%%%%%%%%%%%%%%%%%%

@inproceedings{gruhl1996echo,
  title={Echo hiding},
  author={Gruhl, Daniel and Lu, Anthony and Bender, Walter},
  booktitle={Information Hiding: First International Workshop Cambridge, UK, May 30--June 1, 1996 Proceedings 1},
  pages={295--315},
  year={1996},
  organization={Springer}
}

@article{ko2005time,
  title={Time-spread echo method for digital audio watermarking},
  author={Ko, Byeong-Seob and Nishimura, Ryouichi and Suzuki, Y{\^o}iti},
  journal={IEEE Transactions on Multimedia},
  volume={7},
  number={2},
  pages={212--221},
  year={2005},
  publisher={IEEE}
}


@article{xiang2010effective,
  title={Effective pseudonoise sequence and decoding function for imperceptibility and robustness enhancement in time-spread echo-based audio watermarking},
  author={Xiang, Yong and Peng, Dezhong and Natgunanathan, Iynkaran and Zhou, Wanlei},
  journal={IEEE Transactions on Multimedia},
  volume={13},
  number={1},
  pages={2--13},
  year={2010},
  publisher={IEEE}
}

@article{hua2015time,
  title={Time-spread echo-based audio watermarking with optimized imperceptibility and robustness},
  author={Hua, Guang and Goh, Jonathan and Thing, Vrizlynn LL},
  journal={IEEE/ACM Transactions on Audio, Speech, and Language Processing},
  volume={23},
  number={2},
  pages={227--239},
  year={2015},
  publisher={IEEE}
}



%%%%%%%%%%%%%%%%%%%%%% Generative techniques %%%%%%%%%%%%%%%%%%%%%%%
@inproceedings{engelddsp,
  title={DDSP: Differentiable Digital Signal Processing},
  author={Engel, Jesse and Gu, Chenjie and Roberts, Adam and others},
  booktitle={International Conference on Learning Representations}
}


@article{caillon2021rave,
  title={RAVE: A variational autoencoder for fast and high-quality neural audio synthesis},
  author={Caillon, Antoine and Esling, Philippe},
  journal={arXiv preprint arXiv:2111.05011},
  year={2021}
}

@misc{evans2022dancediffusion,
  author = {Zach Evans},
  title = {Dance Diffusion},
  year = {2022},
  publisher = {GitHub},
  journal = {GitHub repository},
  howpublished = {\url{https://github.com/harmonai-org/sample-generator}},
  commit = {6a3402df594c98d906a83595c97e151dfdd69561}
}


@inproceedings{hawthornemulti,
  title={Multi-Instrument Music Synthesis with Spectrogram Diffusion},
  author={Hawthorne, Curtis and Simon, Ian and Roberts, Adam and Zeghidour, Neil and Gardner, Josh and Manilow, Ethan and Engel, Jesse},
  booktitle={Proceedings of the 23th Conference of the International Society for Music Information Retrieval (ISMIR 2022)},
  year={2022},
  organization={International Society for Music Information Retrieval (ISMIR)}
}

@inproceedings{
evans2024fast,
title={Fast Timing-Conditioned Latent Audio Diffusion},
author={Zach Evans and CJ Carr and Josiah Taylor and Scott H. Hawley and Jordi Pons},
booktitle={Forty-first International Conference on Machine Learning},
year={2024},
url={https://openreview.net/forum?id=jOlO8t1xdx}
}


%%%%%%%%%%%%%%%%%%%%%%        Datasets       %%%%%%%%%%%%%%%%%%%%%%%

@inproceedings{wilkins2018vocalset,
  title={VocalSet: A Singing Voice Dataset.},
  author={Wilkins, Julia and Seetharaman, Prem and Wahl, Alison and Pardo, Bryan},
  booktitle={19th International Society for Music Information Retrieval (ISMIR), Paris, France},
  year={2018}
}

@inproceedings{xi2018guitarset,
  title={GuitarSet: A Dataset for Guitar Transcription.},
  author={Xi, Qingyang and Bittner, Rachel M and Pauwels, Johan and Ye, Xuzhou and Bello, Juan Pablo},
  booktitle={19th International Society for Music Information Retrieval (ISMIR), Paris, France},
  year={2018},
  pages={453--460}
}

@inproceedings{groove2019,
    Author = {Jon Gillick and Adam Roberts and Jesse Engel and Douglas Eck and David Bamman},
    Title = {Learning to Groove with Inverse Sequence Transformations},
    Booktitle = {International Conference on Machine Learning (ICML)},
    Year = {2019},
}

@misc{musdb18-hq,
  author       = {Rafii, Zafar and
                  Liutkus, Antoine and
                  St√∂ter, Fabian-Robert and
                  Mimilakis, Stylianos Ioannis and
                  Bittner, Rachel},
  title        = {MUSDB18-HQ - an uncompressed version of MUSDB18},
  month        = aug,
  year         = 2019,
  doi          = {10.5281/zenodo.3338373},
  url          = {https://doi.org/10.5281/zenodo.3338373}
}